<record><leader>00000cas a22000007a 4500</leader><controlfield tag="001">10902064</controlfield><controlfield tag="008">840629d1951200uiaudn n       0   a0eng c</controlfield><controlfield tag="009">467</controlfield><datafield ind1=" " ind2=" " tag="010"><subfield code="a">sn 84006430 </subfield></datafield><datafield ind1=" " ind2=" " tag="040"><subfield code="a">NSD</subfield><subfield code="b">eng</subfield><subfield code="c">NSD</subfield><subfield code="d">INP</subfield><subfield code="d">NSD</subfield><subfield code="d">OCLCQ</subfield></datafield><datafield ind1=" " ind2=" " tag="012"><subfield code="j">0</subfield><subfield code="k">1</subfield><subfield code="m">d</subfield></datafield><datafield ind1="1" ind2=" " tag="022"><subfield code="a">0747-4776</subfield><subfield code="l">0747-4776</subfield><subfield code="2">1</subfield></datafield><datafield ind1="1" ind2=" " tag="029"><subfield code="a">AU@</subfield><subfield code="b">000020334923</subfield></datafield><datafield ind1=" " ind2=" " tag="042"><subfield code="a">nsdp</subfield><subfield code="a">pcc</subfield></datafield><datafield ind1="0" ind2=" " tag="130"><subfield code="a">Cherokee daily times (Cherokee, Iowa : 1951)</subfield></datafield><datafield ind1=" " ind2="0" tag="222"><subfield code="a">Cherokee daily times</subfield></datafield><datafield ind1="0" ind2="0" tag="245"><subfield code="a">Cherokee daily times.</subfield></datafield><datafield ind1="1" ind2="0" tag="246"><subfield code="a">Daily times</subfield></datafield><datafield ind1="1" ind2="3" tag="246"><subfield code="a">Cherokee daily times and Cherokee chief</subfield></datafield><datafield ind1=" " ind2=" " tag="260"><subfield code="a">Cherokee, Iowa :</subfield><subfield code="b">Times Pub. Co.,</subfield><subfield code="c">1951-</subfield></datafield><datafield ind1=" " ind2=" " tag="300"><subfield code="a">v.</subfield></datafield><datafield ind1=" " ind2=" " tag="310"><subfield code="a">Daily (except Sundays &amp; holidays)</subfield><subfield code="b">&lt;June 20, 1984&gt;-</subfield></datafield><datafield ind1=" " ind2=" " tag="321"><subfield code="a">Daily (except Sunday)</subfield><subfield code="b">Nov. 16, 1951</subfield></datafield><datafield ind1="0" ind2=" " tag="362"><subfield code="a">Vol. 24, no. 66 (Nov. 16, 1951)-</subfield></datafield><datafield ind1=" " ind2=" " tag="752"><subfield code="a">United States</subfield><subfield code="b">Iowa</subfield><subfield code="c">Cherokee</subfield><subfield code="d">Cherokee.</subfield></datafield><datafield ind1="0" ind2="0" tag="780"><subfield code="t">Cherokee daily times and Cherokee chief</subfield><subfield code="w">(DLC)sn 87058525</subfield></datafield><datafield ind1="0" ind2="0" tag="785"><subfield code="t">Chronicle times</subfield><subfield code="x">1539-9524</subfield><subfield code="w">(DLC)20022128656</subfield><subfield code="w">(OCoLC)49752394</subfield></datafield></record>